# TODO: Add `~` to entries to avoid line-breaks in certain places (e.g. A XXX Book -> A~XXX BOOK), applies to automatically generated bibliography too
