@article{test_citation,
  author  = {Random Name},
  title   = {Fascinating Title},
  journal = {Journal of Testing},
  volume  = {420},
  number  = {69},
  pages   = {69--420},
  year    = {2000}
}
